%! Author = niko
%! Date = 5/10/2023

